@String(PAMI = {IEEE Trans. Pattern Anal. Mach. Intell.})
@String(IJCV = {Int. J. Comput. Vis.})
@String(CVPR= {IEEE Conf. Comput. Vis. Pattern Recog.})
@String(ICCV= {Int. Conf. Comput. Vis.})
@String(ECCV= {Eur. Conf. Comput. Vis.})
@String(NIPS= {Adv. Neural Inform. Process. Syst.})
@String(ICPR = {Int. Conf. Pattern Recog.})
@String(BMVC= {Brit. Mach. Vis. Conf.})
@String(TOG= {ACM Trans. Graph.})
@String(TIP  = {IEEE Trans. Image Process.})
@String(TVCG  = {IEEE Trans. Vis. Comput. Graph.})
@String(TMM  = {IEEE Trans. Multimedia})
@String(ACMMM= {ACM Int. Conf. Multimedia})
@String(ICME = {Int. Conf. Multimedia and Expo})
@String(ICASSP=	{ICASSP})
@String(ICIP = {IEEE Int. Conf. Image Process.})
@String(ACCV  = {ACCV})
@String(ICLR = {Int. Conf. Learn. Represent.})
@String(IJCAI = {IJCAI})
@String(PR   = {Pattern Recognition})
@String(AAAI = {AAAI})
@String(CVPRW= {IEEE Conf. Comput. Vis. Pattern Recog. Worksh.})
@String(CSVT = {IEEE Trans. Circuit Syst. Video Technol.})

@String(SPL	= {IEEE Sign. Process. Letters})
@String(VR   = {Vis. Res.})
@String(JOV	 = {J. Vis.})
@String(TVC  = {The Vis. Comput.})
@String(JCST  = {J. Comput. Sci. Tech.})
@String(CGF  = {Comput. Graph. Forum})
@String(CVM = {Computational Visual Media})


@String(PAMI  = {IEEE TPAMI})
@String(IJCV  = {IJCV})
@String(CVPR  = {CVPR})
@String(ICCV  = {ICCV})
@String(ECCV  = {ECCV})
@String(NIPS  = {NeurIPS})
@String(ICPR  = {ICPR})
@String(BMVC  =	{BMVC})
@String(TOG   = {ACM TOG})
@String(TIP   = {IEEE TIP})
@String(TVCG  = {IEEE TVCG})
@String(TCSVT = {IEEE TCSVT})
@String(TMM   =	{IEEE TMM})
@String(ACMMM = {ACM MM})
@String(ICME  =	{ICME})
@String(ICASSP=	{ICASSP})
@String(ICIP  = {ICIP})
@String(ACCV  = {ACCV})
@String(ICLR  = {ICLR})
@String(IJCAI = {IJCAI})
@String(PR = {PR})
@String(AAAI = {AAAI})
@String(CVPRW= {CVPRW})
@String(CSVT = {IEEE TCSVT})


@article{paper1,
    author = {L.Li and L. Xiao and L. Chen},
    title = {Differences of EEG between Eyes-Open and Eyes-Closed States Based on Autoregressive Method},
    journal = {Journal Of Electronic Science And Technology Of China},
    volume = 7,
    number = 2,
    year = 2009
}

@inproceedings{paper2,
    author = {B. Chambayil and R. Singla and R. Jha},
    title = {EEG Eye Blink Classification Using Neural Network},
    booktitle = {Proc. of the World Congress on Engineering},
    year = 2009
}

@article{paper3,
    author = {R. Thuraisingham and Y. Tran and P. Boord and A. Craig},
    title = {Analysis of Eyes Open, Eye Closed EEG Signals Using Second-Order Difference Plot},
    journal = {Medical and Biological Engineering and Computing},
    volume = 45,
    number = 12,
    year = 2007
}

@inproceedings{paper4,
    author = {Ramadan and R.A. and Vasilokos},
    title = {Brain computing interface: control signals review},
    booktitle = {Neurocomputing 223, 26-44},
    year = 2017
}

@misc{paper5,
    author = {Oliver Rosler and David Suendermann},
    title = {A First Step towards Eye State Prediction Using EEG},
    year = 2013
}

