@String(PAMI = {IEEE Trans. Pattern Anal. Mach. Intell.})
@String(IJCV = {Int. J. Comput. Vis.})
@String(CVPR= {IEEE Conf. Comput. Vis. Pattern Recog.})
@String(ICCV= {Int. Conf. Comput. Vis.})
@String(ECCV= {Eur. Conf. Comput. Vis.})
@String(NIPS= {Adv. Neural Inform. Process. Syst.})
@String(ICPR = {Int. Conf. Pattern Recog.})
@String(BMVC= {Brit. Mach. Vis. Conf.})
@String(TOG= {ACM Trans. Graph.})
@String(TIP  = {IEEE Trans. Image Process.})
@String(TVCG  = {IEEE Trans. Vis. Comput. Graph.})
@String(TMM  = {IEEE Trans. Multimedia})
@String(ACMMM= {ACM Int. Conf. Multimedia})
@String(ICME = {Int. Conf. Multimedia and Expo})
@String(ICASSP=	{ICASSP})
@String(ICIP = {IEEE Int. Conf. Image Process.})
@String(ACCV  = {ACCV})
@String(ICLR = {Int. Conf. Learn. Represent.})
@String(IJCAI = {IJCAI})
@String(PR   = {Pattern Recognition})
@String(AAAI = {AAAI})
@String(CVPRW= {IEEE Conf. Comput. Vis. Pattern Recog. Worksh.})
@String(CSVT = {IEEE Trans. Circuit Syst. Video Technol.})

@String(SPL	= {IEEE Sign. Process. Letters})
@String(VR   = {Vis. Res.})
@String(JOV	 = {J. Vis.})
@String(TVC  = {The Vis. Comput.})
@String(JCST  = {J. Comput. Sci. Tech.})
@String(CGF  = {Comput. Graph. Forum})
@String(CVM = {Computational Visual Media})


@String(PAMI  = {IEEE TPAMI})
@String(IJCV  = {IJCV})
@String(CVPR  = {CVPR})
@String(ICCV  = {ICCV})
@String(ECCV  = {ECCV})
@String(NIPS  = {NeurIPS})
@String(ICPR  = {ICPR})
@String(BMVC  =	{BMVC})
@String(TOG   = {ACM TOG})
@String(TIP   = {IEEE TIP})
@String(TVCG  = {IEEE TVCG})
@String(TCSVT = {IEEE TCSVT})
@String(TMM   =	{IEEE TMM})
@String(ACMMM = {ACM MM})
@String(ICME  =	{ICME})
@String(ICASSP=	{ICASSP})
@String(ICIP  = {ICIP})
@String(ACCV  = {ACCV})
@String(ICLR  = {ICLR})
@String(IJCAI = {IJCAI})
@String(PR = {PR})
@String(AAAI = {AAAI})
@String(CVPRW= {CVPRW})
@String(CSVT = {IEEE TCSVT})


@misc{ref1,
 author = {},
 title = {WHO COVID-19 dashboard},
 note = {\href{https://covid19.who.int/}{https://covid19.who.int/}},
 year = {2021}
}

@article{ref2,
  title={Long short-term memory},
  author={Hochreiter, Sepp and Schmidhuber, J{\"u}rgen},
  journal={Neural computation},
  volume={9},
  number={8},
  pages={1735--1780},
  year={1997},
  publisher={MIT Press}
}

@book{ref3,
  added-at = {2017-03-17T00:01:57.000+0100},
  author = {Box, George.E.P. and Jenkins, Gwilym M.},
  biburl = {https://www.bibsonomy.org/bibtex/2abb3f0ef5000289f48e20c8f245034d8/tozammel},
  interhash = {11903bf51a10a6116bba2381c6d06ef2},
  intrahash = {abb3f0ef5000289f48e20c8f245034d8},
  keywords = {forecasting tsa},
  publisher = {Holden-Day},
  timestamp = {2017-03-17T00:03:06.000+0100},
  title = {Time Series Analysis: Forecasting and Control},
  year = 1976
}

@misc{ref4,
  doi = {10.48550/ARXIV.1609.02907},
  url = {https://arxiv.org/abs/1609.02907},
  author = {Kipf, Thomas N. and Welling, Max},
  keywords = {Machine Learning (cs.LG), Machine Learning (stat.ML), FOS: Computer and information sciences, FOS: Computer and information sciences},
  title = {Semi-Supervised Classification with Graph Convolutional Networks},
  publisher = {arXiv},
  year = {2016},  
  copyright = {arXiv.org perpetual, non-exclusive license}
}

@article{ref5,
title = {Recurrent Neural Networks for Time Series Forecasting: Current status and future directions},
journal = {International Journal of Forecasting},
volume = {37},
number = {1},
pages = {388-427},
year = {2021},
issn = {0169-2070},
doi = {https://doi.org/10.1016/j.ijforecast.2020.06.008},
url = {https://www.sciencedirect.com/science/article/pii/S0169207020300996},
author = {Hansika Hewamalage and Christoph Bergmeir and Kasun Bandara},
keywords = {Big data, Forecasting, Best practices, Framework},
abstract = {Recurrent Neural Networks (RNNs) have become competitive forecasting methods, as most notably shown in the winning method of the recent M4 competition. However, established statistical models such as exponential smoothing (ETS) and the autoregressive integrated moving average (ARIMA) gain their popularity not only from their high accuracy, but also because they are suitable for non-expert users in that they are robust, efficient, and automatic. In these areas, RNNs have still a long way to go. We present an extensive empirical study and an open-source software framework of existing RNN architectures for forecasting, and we develop guidelines and best practices for their use. For example, we conclude that RNNs are capable of modelling seasonality directly if the series in the dataset possess homogeneous seasonal patterns; otherwise, we recommend a deseasonalisation step. Comparisons against ETS and ARIMA demonstrate that (semi-) automatic RNN models are not silver bullets, but they are nevertheless competitive alternatives in many situations.}
}

@misc{ref6,
  doi = {10.48550/ARXIV.2009.03509},
  url = {https://arxiv.org/abs/2009.03509},
  author = {Shi, Yunsheng and Huang, Zhengjie and Feng, Shikun and Zhong, Hui and Wang, Wenjin and Sun, Yu},
  keywords = {Machine Learning (cs.LG), Machine Learning (stat.ML), FOS: Computer and information sciences, FOS: Computer and information sciences},
  title = {Masked Label Prediction: Unified Message Passing Model for Semi-Supervised Classification},
  publisher = {arXiv},
  year = {2020},  
  copyright = {arXiv.org perpetual, non-exclusive license}
}

@misc{ref7,
 author = {},
 title = {CDC COVID Data Tracker},
 note = {\href{https://covid.cdc.gov/covid-data-tracker}{https://covid.cdc.gov/covid-data-tracker}},
 year = {2020}
}

@article{ref8,
title={Could the new coronavirus have infected humans prior November 2019?},
author={Tichopád A, Pecen L, Sedlák V},
journal={PLoS One. 2021;16(8):e0248255},
year={2021 Aug 19}
}

@article{ref9,
title = {An interactive web-based dashboard to track COVID-19 in real time},
journal = {The Lancet Infectious Diseases},
volume = {20},
number = {5},
pages = {533-534},
year = {2020},
issn = {1473-3099},
doi = {https://doi.org/10.1016/S1473-3099(20)30120-1},
url = {https://www.sciencedirect.com/science/article/pii/S1473309920301201},
author = {Ensheng Dong and Hongru Du and Lauren Gardner}
}

@article{ref10,
  title={Deep learning methods for forecasting COVID-19 time-Series data: A Comparative study},
  author={Zeroual, Abdelhafid and Harrou, Fouzi and Dairi, Abdelkader and Sun, Ying},
  journal={Chaos, Solitons \& Fractals},
  volume={140},
  pages={110121},
  year={2020},
  publisher={Elsevier}
}

@article{ref11,
  title={Time series modelling to forecast the confirmed and recovered cases of COVID-19},
  author={Maleki, Mohsen and Mahmoudi, Mohammad Reza and Wraith, Darren and Pho, Kim-Hung},
  journal={Travel medicine and infectious disease},
  volume={37},
  pages={101742},
  year={2020},
  publisher={Elsevier}
}

@inproceedings{ref12,
  title={COVID-19 pandemic prediction using time series forecasting models},
  author={Kumar, Naresh and Susan, Seba},
  booktitle={2020 11th international conference on computing, communication and networking technologies (ICCCNT)},
  pages={1--7},
  year={2020},
  organization={IEEE}
}

@article{ref13,
  author    = {Junyoung Chung and
               {\c{C}}aglar G{\"{u}}l{\c{c}}ehre and
               KyungHyun Cho and
               Yoshua Bengio},
  title     = {Empirical Evaluation of Gated Recurrent Neural Networks on Sequence
               Modeling},
  journal   = {CoRR},
  volume    = {abs/1412.3555},
  year      = {2014},
  url       = {http://arxiv.org/abs/1412.3555},
  eprinttype = {arXiv},
  eprint    = {1412.3555},
  timestamp = {Mon, 13 Aug 2018 16:47:38 +0200},
  biburl    = {https://dblp.org/rec/journals/corr/ChungGCB14.bib},
  bibsource = {dblp computer science bibliography, https://dblp.org}
}

@misc{ref14,
  doi = {10.48550/ARXIV.1312.6114},
  url = {https://arxiv.org/abs/1312.6114},
  author = {Kingma, Diederik P and Welling, Max},
  keywords = {Machine Learning (stat.ML), Machine Learning (cs.LG), FOS: Computer and information sciences, FOS: Computer and information sciences},
  title = {Auto-Encoding Variational Bayes},
  publisher = {arXiv},
  year = {2013},
  copyright = {arXiv.org perpetual, non-exclusive license}
}

@article{ref15,
  title={Introduction to Computational Data Science Using ScalaTion},
  author={Miller, John A},
  year={2022}
}

@article{ref16,
  title={The State of State-Level Breakthrough Case Reporting},
  author={Beth Blauer},
  year={2021}
}