@incollection{Tuinhof_2019,
	doi = {10.1007/978-3-030-13709-0_40},
  
	url = {https://doi.org/10.1007%2F978-3-030-13709-0_40},
  
	year = 2019,
	publisher = {Springer International Publishing},
  
	pages = {472--481},
  
	author = {Hessel Tuinhof and Clemens Pirker and Markus Haltmeier},
  
	title = {Image-Based Fashion Product Recommendation with Deep Learning},
  
	booktitle = {Machine Learning, Optimization, and Data Science}
}

@book{prince2012computer, title={Computer vision: models, learning, and inference}, author={Prince, Simon JD}, year={2012}, publisher={Cambridge University Press} }

@article{erikbern,
  author  = "Bernhardsson, Erik",
  title   = "Nearest neighbors and vector models, part 2",
  journal = "NYC Machine Learning",
  year    = 2015,
}

@article{trabelsi,
  author  = "Trabelsi, Eyal",
  title   = "Comprehensive guide to approximate nearest neighbors",
  journal = "Towards Data Science",
  year    = 2020,
}

@misc{xception,
  doi = {10.48550/ARXIV.1610.02357},
  
  url = {https://arxiv.org/abs/1610.02357},
  
  author = {Chollet, Fran√ßois},
  
  keywords = {Computer Vision and Pattern Recognition (cs.CV), FOS: Computer and information sciences, FOS: Computer and information sciences},
  
  title = {Xception: Deep Learning with Depthwise Separable Convolutions},
  
  publisher = {arXiv},
  
  year = {2016},
  
  copyright = {arXiv.org perpetual, non-exclusive license}
}

@online{chollet2015keras, title={Keras}, author={Chollet, Francois and others}, year={2015}, publisher={GitHub}, url={https://github.com/fchollet/keras}, }

@article{Zhang_2020,
	doi = {10.1145/3285029},
  
	url = {https://doi.org/10.1145%2F3285029},
  
	year = 2020,
	month = {jan},
  
	publisher = {Association for Computing Machinery ({ACM})},
  
	volume = {52},
  
	number = {1},
  
	pages = {1--38},
  
	author = {Shuai Zhang and Lina Yao and Aixin Sun and Yi Tay},
  
	title = {Deep Learning Based Recommender System},
  
	journal = {{ACM} Computing Surveys}
}

@article{exception,
  author    = {Fran{\c{c}}ois Chollet},
  title     = {Xception: Deep Learning with Depthwise Separable Convolutions},
  journal   = {CoRR},
  volume    = {abs/1610.02357},
  year      = {2016},
  url       = {http://arxiv.org/abs/1610.02357},
  eprinttype = {arXiv},
  eprint    = {1610.02357},
  timestamp = {Mon, 13 Aug 2018 16:46:20 +0200},
  biburl    = {https://dblp.org/rec/journals/corr/Chollet16a.bib},
  bibsource = {dblp computer science bibliography, https://dblp.org}
}

@INPROCEEDINGS{imagenet,
  author={Deng, Jia and Dong, Wei and Socher, Richard and Li, Li-Jia and Kai Li and Li Fei-Fei},
  booktitle={2009 IEEE Conference on Computer Vision and Pattern Recognition}, 
  title={ImageNet: A large-scale hierarchical image database}, 
  year={2009},
  volume={},
  number={},
  pages={248-255},
  doi={10.1109/CVPR.2009.5206848}}
  
@article{pca,
author = { Karl   Pearson   F.R.S. },
title = {LIII. On lines and planes of closest fit to systems of points in space},
journal = {The London, Edinburgh, and Dublin Philosophical Magazine and Journal of Science},
volume = {2},
number = {11},
pages = {559-572},
year  = {1901},
publisher = {Taylor & Francis},
doi = {10.1080/14786440109462720},
}

@Inbook{lda,
editor="Li, Stan Z.
and Jain, Anil",
title="LDA (Linear Discriminant Analysis)",
bookTitle="Encyclopedia of Biometrics",
year="2009",
publisher="Springer US",
address="Boston, MA",
pages="899--899",
isbn="978-0-387-73003-5",
doi="10.1007/978-0-387-73003-5_349",
url="https://doi.org/10.1007/978-0-387-73003-5_349"
}

