@inproceedings{alexnet,
 author = {Krizhevsky, Alex and Sutskever, Ilya and Hinton, Geoffrey E},
 booktitle = {Advances in Neural Information Processing Systems},
 editor = {F. Pereira and C. J. C. Burges and L. Bottou and K. Q. Weinberger},
 pages = {},
 publisher = {Curran Associates, Inc.},
 title = {ImageNet Classification with Deep Convolutional Neural Networks},
 url = {https://proceedings.neurips.cc/paper/2012/file/c399862d3b9d6b76c8436e924a68c45b-Paper.pdf},
 volume = {25},
 year = {2012}
}

@article{finetune1,
  added-at = {2013-12-08T17:38:38.000+0100},
  author = {Hinton, G. E. and Osindero, S. and Teh, Y. W.},
  biburl = {https://www.bibsonomy.org/bibtex/2f29089f5341f89661c623dd73403e943/prlz77},
  interhash = {e20c213844c6c160f4bcc59cfcdc845d},
  intrahash = {f29089f5341f89661c623dd73403e943},
  journal = {Neural Computation},
  keywords = {A Algorithm Belief Deep Fast Learning Nets for},
  pages = {1527-1554},
  timestamp = {2013-12-08T17:38:38.000+0100},
  title = {A Fast Learning Algorithm for Deep Belief Nets},
  volume = 18,
  year = 2006
}

@inproceedings{finetune2,
 author = {Bengio, Yoshua and Lamblin, Pascal and Popovici, Dan and Larochelle, Hugo},
 booktitle = {Advances in Neural Information Processing Systems},
 editor = {B. Sch\"{o}lkopf and J. Platt and T. Hoffman},
 pages = {},
 publisher = {MIT Press},
 title = {Greedy Layer-Wise Training of Deep Networks},
 url = {https://proceedings.neurips.cc/paper/2006/file/5da713a690c067105aeb2fae32403405-Paper.pdf},
 volume = {19},
 year = {2007}
}

@InProceedings{example1,
author = {Ulyanov, Dmitry and Vedaldi, Andrea and Lempitsky, Victor},
title = {Deep Image Prior},
booktitle = {Proceedings of the IEEE Conference on Computer Vision and Pattern Recognition (CVPR)},
month = {June},
year = {2018}
}

@misc{example2,
      title={Noise2Same: Optimizing A Self-Supervised Bound for Image Denoising}, 
      author={Yaochen Xie and Zhengyang Wang and Shuiwang Ji},
      year={2020},
      eprint={2010.11971},
      archivePrefix={arXiv},
      primaryClass={cs.CV}
}

@inproceedings{example3,
 author = {Laine, Samuli and Karras, Tero and Lehtinen, Jaakko and Aila, Timo},
 booktitle = {Advances in Neural Information Processing Systems},
 editor = {H. Wallach and H. Larochelle and A. Beygelzimer and F. d\textquotesingle Alch\'{e}-Buc and E. Fox and R. Garnett},
 pages = {},
 publisher = {Curran Associates, Inc.},
 title = {High-Quality Self-Supervised Deep Image Denoising},
 url = {https://proceedings.neurips.cc/paper/2019/file/2119b8d43eafcf353e07d7cb5554170b-Paper.pdf},
 volume = {32},
 year = {2019}
}

@misc{example4,
      title={Representation Learning with Contrastive Predictive Coding}, 
      author={Aaron van den Oord and Yazhe Li and Oriol Vinyals},
      year={2019},
      eprint={1807.03748},
      archivePrefix={arXiv},
      primaryClass={cs.LG}
}

@misc{example5,
      title={Unsupervised Feature Learning via Non-Parametric Instance-level Discrimination}, 
      author={Zhirong Wu and Yuanjun Xiong and Stella Yu and Dahua Lin},
      year={2018},
      eprint={1805.01978},
      archivePrefix={arXiv},
      primaryClass={cs.CV}
}

@misc{example6,
      title={A Simple Framework for Contrastive Learning of Visual Representations}, 
      author={Ting Chen and Simon Kornblith and Mohammad Norouzi and Geoffrey Hinton},
      year={2020},
      eprint={2002.05709},
      archivePrefix={arXiv},
      primaryClass={cs.LG}
}

@misc{example7,
      title={Self-Supervised Dialogue Learning}, 
      author={Jiawei Wu and Xin Wang and William Yang Wang},
      year={2019},
      eprint={1907.00448},
      archivePrefix={arXiv},
      primaryClass={cs.CL}
}

@inproceedings{example8,
    title = "Self-Supervised Learning for Contextualized Extractive Summarization",
    author = "Wang, Hong  and
      Wang, Xin  and
      Xiong, Wenhan  and
      Yu, Mo  and
      Guo, Xiaoxiao  and
      Chang, Shiyu  and
      Wang, William Yang",
    booktitle = "Proceedings of the 57th Annual Meeting of the Association for Computational Linguistics",
    month = jul,
    year = "2019",
    address = "Florence, Italy",
    publisher = "Association for Computational Linguistics",
    url = "https://www.aclweb.org/anthology/P19-1214",
    doi = "10.18653/v1/P19-1214",
    pages = "2221--2227",
    abstract = "Existing models for extractive summarization are usually trained from scratch with a cross-entropy loss, which does not explicitly capture the global context at the document level. In this paper, we aim to improve this task by introducing three auxiliary pre-training tasks that learn to capture the document-level context in a self-supervised fashion. Experiments on the widely-used CNN/DM dataset validate the effectiveness of the proposed auxiliary tasks. Furthermore, we show that after pre-training, a clean model with simple building blocks is able to outperform previous state-of-the-art that are carefully designed.",
}

@article{example9,
   title={DeepWalk},
   ISBN={9781450329569},
   url={http://dx.doi.org/10.1145/2623330.2623732},
   DOI={10.1145/2623330.2623732},
   journal={Proceedings of the 20th ACM SIGKDD international conference on Knowledge discovery and data mining},
   publisher={ACM},
   author={Perozzi, Bryan and Al-Rfou, Rami and Skiena, Steven},
   year={2014},
   month={Aug}
}

@misc{example10,
      title={SGR: Self-Supervised Spectral Graph Representation Learning}, 
      author={Anton Tsitsulin and Davide Mottin and Panagiotis Karras and Alex Bronstein and Emmanuel Müller},
      year={2018},
      eprint={1811.06237},
      archivePrefix={arXiv},
      primaryClass={cs.SI}
}

@misc{example11,
      title={A Simple Framework for Contrastive Learning of Visual Representations}, 
      author={Ting Chen and Simon Kornblith and Mohammad Norouzi and Geoffrey Hinton},
      year={2020},
      eprint={2002.05709},
      archivePrefix={arXiv},
      primaryClass={cs.LG}
}

@misc{example12,
      title={Momentum Contrast for Unsupervised Visual Representation Learning}, 
      author={Kaiming He and Haoqi Fan and Yuxin Wu and Saining Xie and Ross Girshick},
      year={2020},
      eprint={1911.05722},
      archivePrefix={arXiv},
      primaryClass={cs.CV}
}

@misc{example13,
      title={Unsupervised Learning of Visual Representations by Solving Jigsaw Puzzles}, 
      author={Mehdi Noroozi and Paolo Favaro},
      year={2017},
      eprint={1603.09246},
      archivePrefix={arXiv},
      primaryClass={cs.CV}
}

@misc{example14,
      title={Unsupervised Visual Representation Learning by Context Prediction}, 
      author={Carl Doersch and Abhinav Gupta and Alexei A. Efros},
      year={2016},
      eprint={1505.05192},
      archivePrefix={arXiv},
      primaryClass={cs.CV}
}

@misc{cite1,
      title={Self-Supervised Learning of Graph Neural Networks: A Unified Review}, 
      author={Yaochen Xie and Zhao Xu and Jingtun Zhang and Zhengyang Wang and Shuiwang Ji},
      year={2021},
      eprint={2102.10757},
      archivePrefix={arXiv},
      primaryClass={cs.LG}
}

@misc{cite2,
      title={MoleculeNet: A Benchmark for Molecular Machine Learning}, 
      author={Zhenqin Wu and Bharath Ramsundar and Evan N. Feinberg and Joseph Gomes and Caleb Geniesse and Aneesh S. Pappu and Karl Leswing and Vijay Pande},
      year={2018},
      eprint={1703.00564},
      archivePrefix={arXiv},
      primaryClass={cs.LG}
}

@misc{cite3,
      title={Advanced Graph and Sequence Neural Networks for Molecular Property Prediction and Drug Discovery}, 
      author={Zhengyang Wang and Meng Liu and Youzhi Luo and Zhao Xu and Yaochen Xie and Limei Wang and Lei Cai and Shuiwang Ji},
      year={2021},
      eprint={2012.01981},
      archivePrefix={arXiv},
      primaryClass={q-bio.QM}
}


@InProceedings{cite4,
  title = 	 {Simple and Deep Graph Convolutional Networks},
  author =       {Chen, Ming and Wei, Zhewei and Huang, Zengfeng and Ding, Bolin and Li, Yaliang},
  booktitle = 	 {Proceedings of the 37th International Conference on Machine Learning},
  pages = 	 {1725--1735},
  year = 	 {2020},
  editor = 	 {Hal Daumé III and Aarti Singh},
  volume = 	 {119},
  series = 	 {Proceedings of Machine Learning Research},
  month = 	 {13--18 Jul},
  publisher =    {PMLR},
  pdf = 	 {http://proceedings.mlr.press/v119/chen20v/chen20v.pdf},
  url = 	 {
http://proceedings.mlr.press/v119/chen20v.html
},
  abstract = 	 {Graph convolutional networks (GCNs) are a powerful deep learning approach for graph-structured data. Recently, GCNs and subsequent variants have shown superior performance in various application areas on real-world datasets. Despite their success, most of the current GCN models are shallow, due to the \emph{over-smoothing} problem. In this paper, we study the problem of designing and analyzing deep graph convolutional networks. We propose the GCNII, an extension of the vanilla GCN model with two simple yet effective techniques: \emph{Initial residual} and \emph{Identity mapping}. We provide theoretical and empirical evidence that the two techniques effectively relieves the problem of over-smoothing. Our experiments show that the deep GCNII model outperforms the state-of-the-art methods on various semi- and full-supervised tasks.}
}

@misc{cite5,
      title={Semi-Supervised Classification with Graph Convolutional Networks}, 
      author={Thomas N. Kipf and Max Welling},
      year={2017},
      eprint={1609.02907},
      archivePrefix={arXiv},
      primaryClass={cs.LG}
}

@misc{cite6,
      title={Neural Message Passing for Quantum Chemistry}, 
      author={Justin Gilmer and Samuel S. Schoenholz and Patrick F. Riley and Oriol Vinyals and George E. Dahl},
      year={2017},
      eprint={1704.01212},
      archivePrefix={arXiv},
      primaryClass={cs.LG}
}

@misc{cite7,
      title={Inductive Representation Learning on Large Graphs}, 
      author={William L. Hamilton and Rex Ying and Jure Leskovec},
      year={2018},
      eprint={1706.02216},
      archivePrefix={arXiv},
      primaryClass={cs.SI}
}

@misc{cite8,
      title={Graph Attention Networks}, 
      author={Petar Veličković and Guillem Cucurull and Arantxa Casanova and Adriana Romero and Pietro Liò and Yoshua Bengio},
      year={2018},
      eprint={1710.10903},
      archivePrefix={arXiv},
      primaryClass={stat.ML}
}

@misc{cite9,
      title={Masked Label Prediction: Unified Message Passing Model for Semi-Supervised Classification}, 
      author={Yunsheng Shi and Zhengjie Huang and Wenjin Wang and Hui Zhong and Shikun Feng and Yu Sun},
      year={2020},
      eprint={2009.03509},
      archivePrefix={arXiv},
      primaryClass={cs.LG}
}

@misc{cite10,
      title={Simple and Deep Graph Convolutional Networks}, 
      author={Ming Chen and Zhewei Wei and Zengfeng Huang and Bolin Ding and Yaliang Li},
      year={2020},
      eprint={2007.02133},
      archivePrefix={arXiv},
      primaryClass={cs.LG}
}

@misc{cite11,
      title={DeeperGCN: All You Need to Train Deeper GCNs}, 
      author={Guohao Li and Chenxin Xiong and Ali Thabet and Bernard Ghanem},
      year={2020},
      eprint={2006.07739},
      archivePrefix={arXiv},
      primaryClass={cs.LG}
}

@article{cite12,
   title={A Comprehensive Survey on Graph Neural Networks},
   volume={32},
   ISSN={2162-2388},
   url={http://dx.doi.org/10.1109/TNNLS.2020.2978386},
   DOI={10.1109/tnnls.2020.2978386},
   number={1},
   journal={IEEE Transactions on Neural Networks and Learning Systems},
   publisher={Institute of Electrical and Electronics Engineers (IEEE)},
   author={Wu, Zonghan and Pan, Shirui and Chen, Fengwen and Long, Guodong and Zhang, Chengqi and Yu, Philip S.},
   year={2021},
   month={Jan},
   pages={4–24}
}

@misc{cite13,
      title={Self-Supervised Learning of Graph Neural Networks: A Unified Review}, 
      author={Yaochen Xie and Zhao Xu and Jingtun Zhang and Zhengyang Wang and Shuiwang Ji},
      year={2021},
      eprint={2102.10757},
      archivePrefix={arXiv},
      primaryClass={cs.LG}
}

@inproceedings{cite14,
    title={InfoGraph: Unsupervised and Semi-supervised Graph-Level Representation Learning via Mutual Information Maximization},
    author={Fan-Yun Sun and Jordan Hoffman and Vikas Verma and Jian Tang},
    booktitle={International Conference on Learning Representations},
    year={2020},
    url={https://openreview.net/forum?id=r1lfF2NYvH}
}

@misc{cite15,
      title={Deep Graph Infomax}, 
      author={Petar Veličković and William Fedus and William L. Hamilton and Pietro Liò and Yoshua Bengio and R Devon Hjelm},
      year={2018},
      eprint={1809.10341},
      archivePrefix={arXiv},
      primaryClass={stat.ML}
}

@misc{cite16,
      title={Graph Representation Learning via Graphical Mutual Information Maximization}, 
      author={Zhen Peng and Wenbing Huang and Minnan Luo and Qinghua Zheng and Yu Rong and Tingyang Xu and Junzhou Huang},
      year={2020},
      eprint={2002.01169},
      archivePrefix={arXiv},
      primaryClass={cs.LG}
}

@misc{cite17,
      title={Strategies for Pre-training Graph Neural Networks}, 
      author={Weihua Hu and Bowen Liu and Joseph Gomes and Marinka Zitnik and Percy Liang and Vijay Pande and Jure Leskovec},
      year={2020},
      eprint={1905.12265},
      archivePrefix={arXiv},
      primaryClass={cs.LG}
}

@misc{cite18,
      title={Sub-graph Contrast for Scalable Self-Supervised Graph Representation Learning}, 
      author={Yizhu Jiao and Yun Xiong and Jiawei Zhang and Yao Zhang and Tianqi Zhang and Yangyong Zhu},
      year={2020},
      eprint={2009.10273},
      archivePrefix={arXiv},
      primaryClass={cs.LG}
}

@misc{cite19,
      title={Contrastive Multi-View Representation Learning on Graphs}, 
      author={Kaveh Hassani and Amir Hosein Khasahmadi},
      year={2020},
      eprint={2006.05582},
      archivePrefix={arXiv},
      primaryClass={cs.LG}
}

@misc{cite20,
      title={Deep Data Density Estimation through Donsker-Varadhan Representation}, 
      author={Seonho Park and Panos M. Pardalos},
      year={2021},
      eprint={2104.06612},
      archivePrefix={arXiv},
      primaryClass={cs.LG}
}

@misc{cite21,
      title={Variational Graph Auto-Encoders}, 
      author={Thomas N. Kipf and Max Welling},
      year={2016},
      eprint={1611.07308},
      archivePrefix={arXiv},
      primaryClass={stat.ML}
}

@misc{cite22,
      title={Adversarially Regularized Graph Autoencoder for Graph Embedding}, 
      author={Shirui Pan and Ruiqi Hu and Guodong Long and Jing Jiang and Lina Yao and Chengqi Zhang},
      year={2019},
      eprint={1802.04407},
      archivePrefix={arXiv},
      primaryClass={cs.LG}
}

@misc{cite23,
      title={Open Graph Benchmark: Datasets for Machine Learning on Graphs}, 
      author={Weihua Hu and Matthias Fey and Marinka Zitnik and Yuxiao Dong and Hongyu Ren and Bowen Liu and Michele Catasta and Jure Leskovec},
      year={2021},
      eprint={2005.00687},
      archivePrefix={arXiv},
      primaryClass={cs.LG}
}
